@article{Gcd2011,
  title={A Comparison of Several Greatest Common Divisor (GCD) Algorithms},
  author={Altarawneh, Haroon},
  journal={International Journal of Computer Applications (0975ãƒ»8887)},
  volume={26},
  number={5},
  year={2011},
  publisher={Citeseer}
}

@book{Menezes1996,
  title={Handbook of applied cryptography},
  author={Menezes, Alfred J and Van Oorschot, Paul C and Vanstone, Scott A},
  year={1996},
  publisher={CRC press}
}